%% This BibTeX bibliography file was created using BibDesk.
%% https://bibdesk.sourceforge.io/

%% Created for Stefano Coretta at 2019-11-01 08:42:09 +0100 


%% Saved with string encoding Unicode (UTF-8) 


@comment{jabref-meta: databaseType:biblatex;}



@incollection{meyer1904,
	Author = {Meyer, Ernst Alfred},
	Booktitle = {Nordiska Studier tillegnade {A}. {N}oreen},
	Pages = {347--356},
	Publisher = {Uppsala: K.W. Appelbergs Boktryckeri},
	Title = {Zur {V}okaldauer im {D}eutschen},
	Year = {1904}}

@article{heffner1937,
	Author = {Heffner, R.-M.S.},
	Doi = {10.2307/452621},
	Journal = {American Speech},
	Pages = {128--134},
	Title = {Notes on the length of vowels},
	Volume = {12},
	Year = {1937}}

@article{belasco1953,
	Author = {Belasco, Simon},
	Journal = {The Journal of the Acoustical Society of America},
	Number = {5},
	Pages = {1015--1016},
	Title = {The influence of force of articulation of consonants on vowel duration},
	Volume = {25},
	Year = {1953}}

@article{house1953,
	Author = {House, Arthur S. and Fairbanks, Grant},
	Doi = {10.1121/1.1906982},
	Journal = {The Journal of the Acoustical Society of America},
	Number = {1},
	Pages = {105--113},
	Title = {The influence of consonant environment upon the secondary acoustical characteristics of vowels},
	Volume = {25},
	Year = {1953}}

@article{lisker1957,
	Author = {Lisker, Leigh},
	Doi = {10.2307/410949},
	Journal = {Language},
	Number = {1},
	Pages = {42--49},
	Title = {Closure duration and the intervocalic voiced-voiceless distinction in {E}nglish},
	Volume = {33},
	Year = {1957}}

@article{peterson1960,
	Author = {Peterson, Gordon E. and Lehiste, Ilse},
	Doi = {10.1121/1.1908183},
	Journal = {The Journal of the Acoustical Society of America},
	Number = {6},
	Pages = {693--703},
	Title = {Duration of syllable nuclei in {E}nglish},
	Volume = {32},
	Year = {1960}}

@article{sharf1962,
	Author = {Sharf, Donald J.},
	Journal = {Language and Speech},
	Number = {1},
	Pages = {26--30},
	Title = {Duration of post-stress intervocalic stops and preceding vowels},
	Volume = {5},
	Year = {1962}}

@article{sharf1964,
	Author = {Sharf, Donald J.},
	Journal = {Language and Speech},
	Number = {2},
	Pages = {89--97},
	Title = {Vowel duration in whispered and in normal speech},
	Volume = {7},
	Year = {1964}}

@article{halle1967,
	Author = {Halle, Morris and Stevens, Kenneth Noble},
	Doi = {10.1121/1.2143736},
	Journal = {The Journal of the Acoustical Society of America},
	Number = {6},
	Pages = {1613--1613},
	Title = {Mechanism of Glottal Vibration for Vowels and Consonants},
	Volume = {41},
	Year = {1967}}

@inproceedings{halle1967a,
	Author = {Halle, Morris and Stevens, Kenneth Noble and Oppenheim, Alan Victor},
	Booktitle = {Quarterly Progress Report},
	Pages = {267--277},
	Title = {On the mechanism of glottal vibration for vowels and consonants},
	Volume = {85},
	Year = {1967}}

@article{lindblom1967,
	Author = {Lindblom, Bj{\"o}rn},
	Journal = {Speech Transmission Laboratory Quarterly Progress Status Report},
	Pages = {1--29},
	Title = {Vowel duration and a model of lip mandible coordination},
	Volume = {4},
	Year = {1967}}

@book{rothenberg1967,
	Author = {Rothenberg, Martin},
	Editor = {Karger, S.},
	Publisher = {Basel: Biblioteca Phonetica},
	Title = {The breath-stream dynamics of simple-released-plosive production},
	Volume = {6},
	Year = {1967}}

@article{slis1969a,
	Author = {Slis, Iman Hans and Cohen, Antonie},
	Doi = {10.1177/002383096901200202},
	Journal = {Language and Speech},
	Number = {2},
	Pages = {80--102},
	Title = {On the complex regulating the voiced-voiceless distinction {I}},
	Volume = {12},
	Year = {1969}}

@article{chen1970,
	Author = {Chen, Matthew},
	Doi = {10.1159/000259312},
	Journal = {Phonetica},
	Number = {3},
	Pages = {129--159},
	Title = {Vowel length variation as a function of the voicing of the consonant environment},
	Volume = {22},
	Year = {1970}}

@article{lehiste1970a,
	Author = {Lehiste, Ilse},
	Doi = {10.1121/1.1974906},
	Journal = {The Journal of the Acoustical Society of America},
	Number = {1A},
	Pages = {111},
	Title = {Temporal Organization of Higher-Level Linguistic Units},
	Volume = {48},
	Year = {1970}}

@article{klatt1973,
	Author = {Klatt, Dennis H.},
	Doi = {10.1121/1.1914322},
	Journal = {The Journal of the Acoustical Society of America},
	Number = {4},
	Pages = {1102--1104},
	Title = {Interaction between two factors that influence vowel duration},
	Volume = {54},
	Year = {1973}}

@inproceedings{lisker1974,
	Author = {Lisker, Leigh},
	Booktitle = {Proceedings of the {L}inguistic {S}ociety of {A}merica},
	Pages = {225--232},
	Title = {On ``Explaining'' Vowel Duration Variation},
	Year = {1974}}

@article{javkin1976,
	Author = {Javkin, Hector R},
	Journal = {Report of the Phonology Laboratory, UC Berkeley},
	Pages = {78--92},
	Title = {The perceptual basis of vowel duration differences associated with the voiced/voiceless distinction},
	Volume = {1},
	Year = {1976}}

@inproceedings{maddieson1976,
	Author = {Maddieson, Ian and Gandour, Jack},
	Booktitle = {{UCLA Working papers in Phonetics}},
	Pages = {46--52},
	Title = {Vowel length before aspirated consonants},
	Volume = {31},
	Year = {1976}}

@article{ferrero1978,
	Author = {Ferrero, Franco E. and Magno Caldognetto, Emanuela and Vagges, Kiryaki and Lavagnoli, Carlo},
	Journal = {Journal of Italian Linguistics Amsterdam},
	Number = {1},
	Pages = {87--94},
	Title = {Some acoustic characteristics of {I}talian vowels},
	Volume = {3},
	Year = {1978}}

@article{caldognetto1979,
	Author = {Magno Caldognetto, Emanuela and Ferrero, Franco and Vagges, Kyriaki and Bagno, Maria},
	Journal = {Acta Phoniatrica Latina},
	Pages = {219--246},
	Title = {Indici acustici e indici percettivi nel riconoscimento dei suoni linguistici (con applicazione alle consonanti occlusive dell'Italiano)},
	Volume = {2},
	Year = {1979}}

@article{mitleb1982,
	Author = {Mitleb, Fares},
	Doi = {10.1121/1.2019285},
	Journal = {The Journal of the Acoustical Society of America},
	Number = {S1},
	Pages = {S23--S23},
	Title = {Voicing effect on vowel duration is not an absolute universal},
	Volume = {71},
	Year = {1982}}

@article{port1982,
	Author = {Port, Robert F. and Dalby, Jonathan},
	Journal = {Perception \& Psychophysics},
	Number = {2},
	Pages = {141--152},
	Title = {Consonant/vowel ratio as a cue for voicing in {E}nglish},
	Volume = {32},
	Year = {1982}}

@article{westbury1983,
	Author = {Westbury, John R.},
	Journal = {The Journal of the Acoustical Society of America},
	Number = {4},
	Pages = {1322--1336},
	Title = {Enlargement of the supraglottal cavity and its relation to stop consonant voicing},
	Volume = {73},
	Year = {1983}}

@article{keating1984,
	Author = {Keating, Patricia A.},
	Journal = {{UCLA Working Papers in Phonetics}},
	Pages = {35--49},
	Title = {Universal phonetics and the organization of grammars},
	Volume = {59},
	Year = {1984}}

@article{luce1985,
	Author = {Luce, Paul A. and Charles-Luce, Jan},
	Doi = {10.1121/1.392651},
	Journal = {The Journal of the Acoustical Society of America},
	Number = {6},
	Pages = {1949--1957},
	Title = {Contextual effects on vowel duration, closure duration, and the consonant/vowel ratio in speech production},
	Volume = {78},
	Year = {1985}}

@article{slowiaczek1985,
	Author = {Slowiaczek, Louisa M. and Dinnsen, Daniel A.},
	Journal = {Journal of Phonetics},
	Number = {3},
	Pages = {325--341},
	Title = {On the neutralizing status of {P}olish word-final devoicing},
	Volume = {13},
	Year = {1985}}

@article{farnetani1986,
	Author = {Farnetani, Edda and Kori, Shiro},
	Doi = {10.1016/0167-6393(86)90027-0},
	Journal = {Speech Communication},
	Number = {1},
	Pages = {17--34},
	Title = {Effects of syllable and word structure on segmental durations in spoken {I}talian},
	Volume = {5},
	Year = {1986}}

@article{van-summers1987,
	Author = {Summers, W. Van},
	Doi = {10.1121/1.395284},
	Journal = {The Journal of the Acoustical Society of America},
	Number = {3},
	Pages = {847--863},
	Title = {Effects of stress and final-consonant voicing on vowel production: Articulatory and acoustic analyses},
	Volume = {82},
	Year = {1987}}

@article{kluender1988,
	Author = {Kluender, Keith R. and Diehl, Randy L. and Wright, Beverly A.},
	Journal = {Journal of Phonetics},
	Pages = {153--169},
	Title = {Vowel-length differences before voiced and voiceless consonants: {A}n auditory explanation},
	Volume = {16},
	Year = {1988}}

@article{davis1989,
	Author = {Davis, Stuart and Summers, W. Van},
	Doi = {10.1121/1.2026892},
	Journal = {Journal of Phonetics},
	Pages = {339--353},
	Title = {Vowel length and closure duration in word-medial {VC} sequences},
	Volume = {17},
	Year = {1989}}

@article{jassem1989,
	Author = {Jassem, Wiktor and Richter, Lutoslawa},
	Journal = {Journal of Phonetics},
	Number = {4},
	Pages = {317--325},
	Title = {Neutralization of voicing in {P}olish obstruents},
	Volume = {17},
	Year = {1989}}

@inproceedings{wells1990,
	Author = {Wells, John C.},
	Booktitle = {Studies in the pronunciation of {E}nglish: A commemorative volume in honour of {A. C. Gimson}},
	Editor = {Susan Ramsaran},
	Pages = {76--86},
	Publisher = {New York: Routledge},
	Title = {Syllabification and allophony},
	Year = {1990}}

@article{de-jong1991,
	Author = {de Jong, Kenneth},
	Doi = {10.1121/1.2028316},
	Journal = {Phonetica},
	Number = {1},
	Pages = {1--17},
	Title = {An articulatory study of consonant-induced vowel duration changes in {E}nglish},
	Volume = {48},
	Year = {1991}}

@article{fowler1992,
	Author = {Fowler, Carol A.},
	Journal = {Journal of Phonetics},
	Number = {1},
	Pages = {143--165},
	Title = {Vowel duration and closure duration in voiced and unvoiced stops: {T}here are no contrast effects here},
	Volume = {20},
	Year = {1992}}

@article{laeufer1992,
	Author = {Laeufer, Christiane},
	Journal = {Journal of Phonetics},
	Number = {4},
	Pages = {411--440},
	Title = {Patterns of voicing-conditioned vowel duration in {F}rench and {E}nglish},
	Volume = {20},
	Year = {1992}}

@phdthesis{hussein1994,
	Author = {Hussein, Lutfi},
	School = {Columbus, OH: The Ohio State University},
	Title = {Voicing-dependent vowel duration in {S}tandard {A}rabic and its acquisition by adult {A}merican students},
	Year = {1994}}

@article{kingston1994,
	Author = {Kingston, John and Diehl, Randy L.},
	Doi = {10.2307/416481},
	Journal = {Language},
	Pages = {419--454},
	Title = {Phonetic knowledge},
	Year = {1994}}

@article{raftery1995,
	Author = {Raftery, Adrian E.},
	Doi = {10.2307/271063},
	Journal = {Sociological Methodology},
	Pages = {111--163},
	Title = {Bayesian model selection in social research},
	Volume = {25},
	Year = {1995}}

@incollection{johnson1997,
	Author = {Johnson, Keith},
	Booktitle = {Talker variability in speech processing},
	Editor = {Johnson, Keith and Mullenix, John W.},
	Pages = {145--165},
	Publisher = {San Diego, CA: Academic Press},
	Title = {Speech perception without speaker normalization: {A}n exemplar model},
	Year = {1997}}

@article{kerr1998,
	Author = {Kerr, Norbert L.},
	Doi = {10.1207/s15327957pspr0203_4},
	Journal = {Personality and Social Psychology Review},
	Number = {3},
	Pages = {196--217},
	Title = {{HARKing}: Hypothesizing after the results are known},
	Volume = {2},
	Year = {1998}}

@article{raftery1999,
	Author = {Raftery, Adrian E.},
	Doi = {10.1177/0049124199027003005},
	Journal = {Sociological Methods \& Research},
	Number = {3},
	Pages = {411--427},
	Title = {Bayes factors and {BIC}: Comment on ``{A} critique of the {B}ayesian information criterion for model selection''},
	Volume = {27},
	Year = {1999}}

@article{esposito2002,
	Author = {Esposito, Anna},
	Doi = {10.1159/000068347},
	Journal = {Phonetica},
	Number = {4},
	Pages = {197--231},
	Title = {On vowel height and consonantal voicing effects: Data from {I}talian},
	Volume = {59},
	Year = {2002}}

@article{fox2003,
	Author = {John Fox},
	Doi = {10.18637/jss.v008.i15},
	Journal = {Journal of Statistical Software},
	Number = {15},
	Pages = {1--27},
	Title = {Effect Displays in {R} for Generalised Linear Models},
	Volume = {8},
	Year = {2003}}

@article{de-jong2004,
	Author = {de Jong, Kenneth},
	Doi = {10.1016/j.wocn.2004.05.002},
	Journal = {Journal of Phonetics},
	Number = {4},
	Pages = {493--516},
	Title = {Stress, lexical focus, and segmental focus in {E}nglish: Patterns of variation in vowel duration},
	Volume = {32},
	Year = {2004}}

@article{lampp2004,
	Author = {Lampp, Claire and Reklis, Heidi},
	Doi = {10.1121/1.4783577},
	Journal = {The Journal of the Acoustical Society of America},
	Number = {5},
	Pages = {2540--2540},
	Title = {Effects of coda voicing and aspiration on {H}indi vowels},
	Volume = {115},
	Year = {2004}}

@article{warren2005,
	Author = {Warren, Willis and Jacks, Adam},
	Doi = {10.1121/1.4778168},
	Journal = {The Journal of the Acoustical Society of America},
	Number = {4},
	Pages = {2618--2618},
	Title = {Lip and jaw closing gesture durations in syllable final voiced and voiceless stops},
	Volume = {117},
	Year = {2005}}

@article{bonett2006,
	Author = {Bonett, Douglas G.},
	Doi = {10.1016/j.csda.2005.05.007},
	Journal = {Computational Statistics \& Data Analysis},
	Number = {11},
	Pages = {2953--2957},
	Title = {Confidence interval for a coefficient of quartile variation},
	Volume = {50},
	Year = {2006}}

@phdthesis{nowak2006,
	Author = {Nowak, Pawel},
	School = {Berkeley, CA: University of California, Berkeley},
	Title = {Vowel reduction in {P}olish},
	Year = {2006}}

@book{gussmann2007,
	Author = {Gussmann, Edmund},
	Publisher = {Oxford: Oxford University Press},
	Title = {The phonology of {P}olish},
	Year = {2007}}

@article{vazquez-alvarez2007,
	Author = {Vazquez-Alvarez, Yolanda and Hewlett, Nigel},
	Doi = {10.1159/000107912},
	Journal = {Phonetica},
	Pages = {105--121},
	Title = {The `trough effect': an ultrasound study},
	Volume = {64},
	Year = {2007}}

@article{wagenmakers2007,
	Author = {Wagenmakers, Eric-Jan},
	Doi = {10.3758/BF03194105},
	Journal = {Psychonomic Bulletin \& Review},
	Number = {5},
	Pages = {779--804},
	Title = {A practical solution to the pervasive problems of \textit{p} values},
	Volume = {14},
	Year = {2007}}

@inproceedings{hajek2008,
	Author = {Hajek, John and Stevens, Mary},
	Booktitle = {Proceedings of the 9th Annual Conference of the {International Speech Communication Association}},
	Pages = {516--519},
	Title = {Vowel duration, compression and lengthening in stressed syllables in {C}entral and {S}outhern varieties of standard {I}talian},
	Year = {2008}}

@inproceedings{malisz2008,
	Author = {Malisz, Zofia and Klessa, Katarzyna},
	Booktitle = {Proceedings of Speech Prosody},
	Pages = {383--386},
	Title = {A preliminary study of temporal adaptation in {Polish} {VC} groups},
	Year = {2008}}

@article{dale2009,
	Author = {Dale, Rick and Dietrich, Eric and Chemero, Anthony},
	Doi = {10.1111/j.1551-6709.2009.01042.x},
	Journal = {Cognitive Science},
	Number = {5},
	Pages = {739--742},
	Title = {Explanatory pluralism in cognitive science},
	Volume = {33},
	Year = {2009}}

@article{jacewicz2009,
	Author = {Jacewicz, Ewa and Fox, Robert Allen and Lyle, Samantha},
	Doi = {10.1017/S0025100309990156},
	Journal = {Journal of the International Phonetic Association},
	Number = {3},
	Pages = {313--334},
	Title = {Variation in stop consonant voicing in two regional varieties of {A}merican {E}nglish},
	Volume = {39},
	Year = {2009}}

@book{kramer2009,
	Author = {Kr{\"a}mer, Martin},
	Publisher = {Oxford: Oxford University Press},
	Title = {The phonology of {I}talian},
	Year = {2009}}

@book{machac2009,
	Author = {Macha{\v c}, Pavel and Skarnitzl, Radek},
	Publisher = {Praha: Epocha},
	Title = {Principles of phonetic segmentation},
	Year = {2009}}

@article{antoniou2010,
	Author = {Antoniou, Mark and Best, Catherine T. and Tyler, Michael D. and Kroos, Christian},
	Doi = {10.1016/j.wocn.2010.09.005},
	Journal = {Journal of Phonetics},
	Number = {4},
	Pages = {640--653},
	Title = {Language context elicits native-like stop voicing in early bilinguals' productions in both {L}1 and {L}2},
	Volume = {38},
	Year = {2010}}

@article{zuur2010,
	Author = {Zuur, Alain F. and Ieno, Elena N. and Elphick, Chris S.},
	Doi = {10.1111/j.2041-210X.2009.00001.x},
	Journal = {Methods in Ecology and Evolution},
	Number = {1},
	Pages = {3--14},
	Title = {A protocol for data exploration to avoid common statistical problems},
	Volume = {1},
	Year = {2010}}

@misc{articulate2011,
	Author = {{Articulate Instruments Ltd{\texttrademark}}},
	Title = {{Articulate Assistant Advanced} User Guide. {V}ersion 2.16},
	Year = {2011}}

@article{cyran2011,
	Author = {Cyran, Eugeniusz},
	Journal = {Studies in Polish Linguistics},
	Number = {1},
	Pages = {45--80},
	Title = {Laryngeal realism and laryngeal relativism: {T}wo voicing systems in {P}olish?},
	Volume = {6},
	Year = {2011}}

@article{hualde2011,
	Author = {Hualde, Jos{\'e} Ignacio and Nadeu, Marianna},
	Doi = {10.1159/000334303},
	Journal = {Phonetica},
	Number = {4},
	Pages = {215--242},
	Title = {Lenition and phonemic overlap in {R}ome {I}talian},
	Volume = {68},
	Year = {2011}}

@inproceedings{ohala2011,
	Author = {Ohala, John J.},
	Booktitle = {{Proceedings of the 17th International Congress of Phonetic Sciences}},
	Pages = {64--67},
	Title = {Accommodation to the aerodynamic voicing constraint and its phonological relevance},
	Year = {2011}}

@incollection{waniek2011,
	Author = {Waniek-Klimczak, Ewa},
	Booktitle = {New Perspectives in Language, Discourse and Translation Studies},
	Editor = {Miros{\l}aw Pawlak and Jakub Bielak},
	Pages = {3--11},
	Publisher = {Heidelberg, Dordrecht, London, New York: Springer},
	Title = {Aspiration in {P}olish: A Sound Change in Progress?},
	Year = {2011}}

@article{winter2011,
	Author = {Winter, Bodo and Roettger, Timo B.},
	Journal = {Grazer Linguistische Studien},
	Pages = {55--74},
	Title = {The Nature of Incomplete Neutralization in {G}erman: {I}mplications for {L}aboratory {P}honology},
	Volume = {76},
	Year = {2011}}

@article{durvasula2012,
	Author = {Durvasula, Karthik and Luo, Qian},
	Doi = {10.1121/1.4895027},
	Journal = {Proceedings of Meetings on Acoustics},
	Pages = {1--10},
	Title = {Voicing, aspiration, and vowel duration in {H}indi},
	Volume = {18},
	Year = {2012}}

@article{strycharczuk2012a,
	Author = {Strycharczuk, Patrycja},
	Doi = {10.1016/j.wocn.2012.05.006},
	Journal = {Journal of Phonetics},
	Number = {5},
	Pages = {655--671},
	Title = {Sonorant transparency and the complexity of voicing in {P}olish},
	Volume = {40},
	Year = {2012}}

@article{beckman2013,
	Author = {Beckman, Jill and Jessen, Michael and Ringen, Catherine},
	Doi = {10.1017/S0022226712000424},
	Journal = {Journal of Linguistics},
	Number = {02},
	Pages = {259--284},
	Title = {Empirical evidence for laryngeal features: Aspirating vs. true voice languages},
	Volume = {49},
	Year = {2013}}

@article{cysouw2013,
	Author = {Cysouw, Michael and Good, Jeff},
	Doi = {10125/4606},
	Journal = {Language Documentation \& Conservation},
	Pages = {331--359},
	Title = {Languoid, doculect, and glossonym: {F}ormalizing the notion `language'},
	Volume = {7},
	Year = {2013}}

@misc{gelman2013,
	Author = {Gelman, Andrew and Loken, Eric},
	Howpublished = {Department of Statistics, Columbia University, \url{http://www.stat.columbia.edu/~gelman/research/unpublished/p_hacking.pdf}},
	Title = {The garden of forking paths: Why multiple comparisons can be a problem, even when there is no ``fishing expedition'' or ``p-hacking'' and the research hypothesis was posited ahead of time},
	Year = {2013}}

@phdthesis{soskuthy2013,
	Author = {S{\'o}skuthy, M{\'a}rton},
	School = {Edinburgh: University of Edinburgh},
	Title = {Phonetic biases and systemic effects in the actuation of sound change},
	Year = {2013}}

@article{tilsen2013,
	Author = {Tilsen, Sam},
	Doi = {10.1371/ journal.pone.0062800},
	Journal = {PLoS ONE},
	Number = {4},
	Pages = {e62800},
	Title = {A dynamical model of hierarchical selection and coordination in speech planning},
	Volume = {8},
	Year = {2013}}

@article{ananthapadmanabha2014,
	Author = {Ananthapadmanabha, Tirupattur V. and Prathosh, Aragulla Prasad and Ramakrishnan, Angarai Ganesan},
	Doi = {10.1121/1.4836055},
	Journal = {The Journal of the Acoustical Society of America},
	Number = {1},
	Pages = {460--471},
	Title = {Detection of the closure-burst transitions of stops and affricates in continuous speech using the plosion index},
	Volume = {135},
	Year = {2014}}

@article{jarosz2014,
	Author = {Jarosz, Andrew F and Wiley, Jennifer},
	Doi = {10.7771/1932-6246.1167},
	Journal = {The Journal of Problem Solving},
	Number = {1},
	Pages = {2--9},
	Title = {What are the odds? {A} practical guide to computing and reporting {B}ayes factors},
	Volume = {7},
	Year = {2014}}

@article{bates2015,
	Author = {Douglas Bates and Martin M{\"a}chler and Ben Bolker and Steve Walker},
	Doi = {10.18637/jss.v067.i01},
	Journal = {Journal of Statistical Software},
	Number = {1},
	Pages = {1--48},
	Title = {Fitting Linear Mixed-Effects Models Using lme4},
	Volume = {67},
	Year = {2015}}

@article{bigi2015,
	Author = {Bigi, Brigitte},
	Journal = {The Phonetician},
	Pages = {54--69},
	Title = {{SPPAS} - {M}ulti-lingual approaches to the automatic annotation of speech},
	Volume = {111--112},
	Year = {2015}}

@book{mcelreath2015,
	Author = {McElreath, Richard},
	Publisher = {Boca Raton, FL: CRC Press},
	Title = {Statistical Rethinking: A Bayesian Course with Examples in {R} and {S}tan},
	Year = {2015}}

@article{schwartz2015,
	Author = {Schwartz, Geoffrey and Balas, Anna and Rojczyk, Arkadiusz},
	Doi = {10.1515/rela-2015-0014},
	Journal = {Research in Language},
	Number = {2},
	Pages = {181--198},
	Title = {Phonological Factors Affecting {L}1 Phonetic Realization of Proficient {P}olish Users of {E}nglish},
	Volume = {13},
	Year = {2015}}

@inproceedings{huszthy2016,
	Author = {Huszthy, B{\'a}lint},
	Booktitle = {Proceedings of {ConSOLE XXIV}},
	Pages = {428--452},
	Title = {Italian as a voice language without voice assimilation},
	Year = {2016}}

@article{kirby2016a,
	Author = {Kirby, James P. and Ladd, D. Robert},
	Doi = {10.1121/1.4962445},
	Journal = {The Journal of the Acoustical Society of America},
	Number = {4},
	Pages = {2400--2411},
	Title = {Effects of obstruent voicing on vowel {F}0: {E}vidence from ``true voicing'' languages},
	Volume = {140},
	Year = {2016}}

@article{renwick2016,
	Author = {Renwick, Margaret and Ladd, Robert D.},
	Doi = {10.5334/labphon.17},
	Journal = {Laboratory Phonology: Journal of the Association for Laboratory Phonology},
	Number = {1},
	Pages = {1--29},
	Title = {Phonetic distinctiveness vs. lexical contrastiveness in non-robust phonemic contrasts},
	Volume = {7},
	Year = {2016}}

@article{schwartz2016,
	Author = {Schwartz, Geoffrey},
	Doi = {10.1016/j.lingua.2015.11.005},
	Journal = {Lingua},
	Pages = {37--73},
	Title = {On the evolution of prosodic boundaries--parameter settings for {P}olish and {E}nglish},
	Volume = {171},
	Year = {2016}}

@article{tilsen2016,
	Author = {Tilsen, Sam},
	Doi = {10.1016/j.wocn.2015.11.005},
	Journal = {Journal of Phonetics},
	Pages = {53--77},
	Title = {Selection and coordination: The articulatory basis for the emergence of phonological structure},
	Volume = {55},
	Year = {2016}}

@article{begus2017,
	Author = {Begu{\v s}, Ga{\v s}per},
	Doi = {10.1121/1.5007728},
	Journal = {The Journal of the Acoustical Society of America},
	Number = {4},
	Pages = {2168--2184},
	Title = {Effects of ejective stops on preceding vowel duration},
	Volume = {142},
	Year = {2017}}

@article{kuznetsova2017,
	Author = {Alexandra Kuznetsova and Per {Bruun Brockhoff} and Rune {Haubo Bojesen Christensen}},
	Doi = {10.18637/jss.v082.i13},
	Journal = {Journal of Statistical Software},
	Number = {13},
	Title = {\texttt{lmerTest} package: Tests in Linear Mixed Effects Models},
	Volume = {82},
	Year = {2017}}

@article{luke2017,
	Author = {Luke, Steven G.},
	Doi = {10.3758/s13428-016-0809-y},
	Journal = {Behavior Research Methods},
	Number = {4},
	Pages = {1494--1502},
	Title = {Evaluating significance in linear mixed-effects models in {R}},
	Volume = {49},
	Year = {2017}}

@misc{wickham2017,
	Author = {Hadley Wickham},
	Howpublished = {R package version 1.2.1.},
	Title = {tidyverse: Easily Install and Load the `{T}idyverse'},
	Year = {2017}}

@misc{ambridge2018,
	Author = {Ambridge, Ben},
	Doi = {10.31234/osf.io/gy3ah},
	Howpublished = {Pre-print available at PsyArXiv},
	Title = {Against stored abstractions: {A} radical exemplar model of language acquisition},
	Year = {2018}}

@article{berez-kroeker2018,
	Author = {Berez-Kroeker, Andrea L. and Gawne, Lauren and Kung, Susan Smythe and Kelly, Barbara F. and Heston, Tyler and Holton, Gary and Pulsifer, Peter and Beaver, David I. and Chelliah, Shobhana and Dubinsky, Stanley},
	Doi = {10.1515/ling-2017-0032},
	Journal = {Linguistics},
	Number = {1},
	Pages = {1--18},
	Title = {Reproducible research in linguistics: A position statement on data citation and attribution in our field},
	Volume = {56},
	Year = {2018}}

@misc{cruwell2018,
	Author = {Cr{\"u}well, Sophia and Johnny van Doorn and Alexander Etz and Matthew Makel and Hannah Moshontz and Jesse Niebaum and Amy Orben and Sam Parsons and Michael Schulte-Mecklenbeck},
	Doi = {10.31234/osf.io/cfzyx},
	Howpublished = {PsyArXiv},
	Title = {8 Easy Steps to Open Science: An Annotated Reading List},
	Year = {2018}}

@article{kirby2018,
	Author = {Kirby, James and Sonderegger, Morgan},
	Doi = {10.1016/j.wocn.2018.05.005},
	Journal = {Journal of Phonetics},
	Pages = {70--85},
	Title = {Mixed-effects design analysis for experimental phonetics},
	Volume = {70},
	Year = {2018}}

@article{ko2018,
	Author = {Ko, Eon-Suk},
	Doi = {10.13064/KSSS.2018.10.2.045},
	Journal = {Phonetics and Speech Sciences},
	Number = {2},
	Pages = {45--50},
	Title = {Asymmetric effects of speaking rate on the vowel/consonant ratio conditioned by coda voicing in {E}nglish},
	Volume = {10},
	Year = {2018}}

@article{nicenboim2018a,
	Author = {Bruno Nicenboim and Timo B. Roettger and Shravan Vasishth},
	Doi = {10.1016/j.wocn.2018.06.001},
	Journal = {Journal of Phonetics},
	Pages = {39--55},
	Title = {Using meta-analysis for evidence synthesis: The case of incomplete neutralization in {G}erman},
	Volume = {70},
	Year = {2018}}

@inproceedings{plug2018a,
	Author = {Plug, Leendert and Smith, Rachel},
	Booktitle = {{Proceedings of the 9th International Conference on Speech Prosody 2018}},
	Doi = {10.21437/SpeechProsody.2018-57},
	Pages = {279--283},
	Title = {Segments, syllables and speech tempo perception},
	Year = {2018}}

@misc{r-core-team2018,
	Author = {{R Core Team}},
	Howpublished = {R Foundation for Statistical Computing, Vienna, Austria},
	Title = {R: A language and environment for statistical computing},
	Year = {2018}}

@article{sanker2018,
	Author = {Sanker, Chelsea},
	Doi = {10.2218/pihph.3.2018.2898},
	Journal = {Papers in Historical Phonology},
	Pages = {180--205},
	Title = {Effects of laryngeal features on vowel duration: implications for {W}inter's {L}aw},
	Volume = {3},
	Year = {2018}}

@article{schwartz2018,
	Author = {Schwartz, Geoffrey and Arndt, Daria},
	Doi = {10.1016/j.langsci.2018.07.001},
	Journal = {Language Sciences},
	Pages = {98--112},
	Title = {Laryngeal {R}ealism vs. {M}odulation Theory -- evidence from {VOT} discrimination in {P}olish},
	Volume = {69},
	Year = {2018}}

@article{soskuthy2018,
	Author = {S{\'o}skuthy, M{\'a}rton and Foulkes, Paul and Hughes, Vincent and Haddican, Bill},
	Doi = {10.1111/tops.12346},
	Journal = {Topics in Cognitive Science},
	Number = {4},
	Pages = {1--16},
	Title = {Changing words and sounds: The roles of different cognitive units in sound change},
	Volume = {10},
	Year = {2018}}

@article{roettger2019,
	Author = {Roettger, Timo B.},
	Doi = {10.5334/labphon.147},
	Journal = {Laboratory Phonology: Journal of the Association for Laboratory Phonology},
	Number = {1},
	Pages = {1--27},
	Title = {Researcher degrees of freedom in phonetic sciences},
	Volume = {10},
	Year = {2019}}

@article{todd2019,
	Author = {Todd, Simon and Pierrehumbert, Janet B. and Hay, Jennifer},
	Doi = {10.1016/j.cognition.2019.01.004},
	Journal = {Cognition},
	Pages = {1--20},
	Title = {Word frequency effects in sound change as a consequence of perceptual asymmetries: An exemplar-based model},
	Volume = {185},
	Year = {2019}}
